@article{dorigo1997ant,
  title={Ant colonies for the travelling salesman problem},
  author={Dorigo, Marco and Gambardella, Luca Maria},
  journal={BioSystems},
  volume={43},
  number={2},
  pages={73--81},
  year={1997},
  publisher={Elsevier}
}

@misc{wiger-complexity,
    author = {Ulf Wiger},
    title = {Death by accidental complexity},
    booktitle = {InfoQ},
    year = {2010},
    note = {Tillg채nglig p책 http://www.infoq.com/presentations/Death-by-Accidental-Complexity}
}

@misc{krzyzanowski-ddeadlock,
    author = {Paul Krzyzanowski},
    title = {Distributed deadlock},
    year = {2012},
    note = {Tillg채nglig p책 https://www.cs.rutgers.edu/~pxk/417/notes/deadlock.html}
}

@article{chandy1983distributed,
  title={Distributed deadlock detection},
  author={Chandy, K Mani and Misra, Jayadev and Haas, Laura M},
  journal={{ACM Transactions on Computer Systems (TOCS)}},
  volume={1},
  number={2},
  pages={144--156},
  year={1983},
  publisher={{ACM New York, NY, USA}}
}